@article{Govaert:2008,
 author = {Govaert, G{\'e}rard and Nadif, Mohamed},
 title = {Block Clustering with Bernoulli Mixture Models: Comparison of Different Approaches},
 journal = {Comput. Stat. Data Anal.},
 issue_date = {February, 2008},
 volume = {52},
 number = {6},
 month = feb,
 year = {2008},
 issn = {0167-9473},
 pages = {3233--3245},
 numpages = {13},
 url = {http://dx.doi.org/10.1016/j.csda.2007.09.007},
 doi = {10.1016/j.csda.2007.09.007},
 acmid = {1346470},
 publisher = {Elsevier Science Publishers B. V.},
 address = {Amsterdam, The Netherlands, The Netherlands},
 keywords = {Block mixture model, Co-clustering, EM algorithm, Latent block model, Simultaneous clustering},
} 


@article{Fisogni,
  author       = {Fisogni, Alessandro and
                  Hautekèete, Nina and
                  Piquot, Yves and
                  Brun, Marion and
                  Vanappelghem, Cédric and
                  Ohlmann, Marc and
                  Massol, François},
  title        = {{Modifications of the plant-pollinator network 
                   structure and species' roles along a gradient of
                   urbanization}},
  month        = jan,
  year         = 2020,
  publisher    = {Zenodo},
  version      = 1,
  doi          = {10.5281/zenodo.3606016},
  url          = {https://doi.org/10.5281/zenodo.3606016}
}



@Manual{rmangal,
    title = {rmangal: An R package to interact with Mangal database},
    author = {Steve Vissault and Kevin Cazelles and Gabriel Bergeron and Benjamin Mercier and Clément Violet and Dominique Gravel and Timothée Poisot},
    year = {2020},
    note = {R package version 2.0.2},
    url = {https://docs.ropensci.org/rmangal/},
}


@article{Barbillon2016d,
archivePrefix = {arXiv},
arxivId = {1501.06444},
author = {Barbillon, Pierre and Donnet, Sophie and Lazega, Emmanuel and Bar-Hen, Avner},
doi = {10.1111/rssa.12193},
eprint = {1501.06444},
issn = {1467985X},
journal = {Journal of the Royal Statistical Society. Series A: Statistics in Society},
keywords = {Bivariate stochastic block model,Multilevel or multiplex networks,Social network},
title = {{Stochastic block models for multiplex networks: An application to a multilevel network of researchers}},
year = {2016}
}




@article {Dattilo,
	author = {D{\'a}ttilo, Wesley and Lara-Rodr{\'\i}guez, Nubia and Jordano, Pedro and Guimar{\~a}es, Paulo R. and Thompson, John N. and Marquis, Robert J. and Medeiros, Lucas P. and Ortiz-Pulido, Raul and Marcos-Garc{\'\i}a, Maria A. and Rico-Gray, Victor},
	title = {Unravelling Darwin{\textquoteright}s entangled bank: architecture and robustness of mutualistic networks with multiple interaction types},
	volume = {283},
	number = {1843},
	year = {2016},
	doi = {10.1098/rspb.2016.1564},
	publisher = {The Royal Society},
	journal = {Proceedings of the Royal Society of London B: Biological Sciences}
}

@article{kefi,
    author = {Kéfi, Sonia AND Miele, Vincent AND Wieters, Evie A. AND Navarrete, Sergio A. AND Berlow, Eric L.},
    journal = {PLOS Biology},
    publisher = {Public Library of Science},
    title = {How Structured Is the Entangled Bank? The Surprisingly Simple Organization of Multiplex Ecological Networks Leads to Increased Persistence and Resilience},
    year = {2016},
    month = {08},
    volume = {14},
    url = {http://dx.doi.org/10.1371%2Fjournal.pbio.1002527},
    pages = {1-21},
    abstract = {An ecological network synthesizing all known interactions between species exhibits a clear pattern of organization that reflects evolutionary and ecological constraints operating in this entangled bank of species.},
    number = {8},
    doi = {10.1371/journal.pbio.1002527}
}



@article {fontaine,
author = {Fontaine, Colin and Guimarães, Paulo R. and Kéfi, Sonia and Loeuille, Nicolas and Memmott, Jane and van der Putten, Wim H. and van Veen, Frank J. F. and Thébault, Elisa},
title = {The ecological and evolutionary implications of merging different types of networks},
journal = {Ecology Letters},
volume = {14},
number = {11},
publisher = {Blackwell Publishing Ltd},
issn = {1461-0248},
url = {http://dx.doi.org/10.1111/j.1461-0248.2011.01688.x},
doi = {10.1111/j.1461-0248.2011.01688.x},
pages = {1170--1181},
keywords = {Aboveground–belowground, evolutionary dynamic, facilitation, interaction network, mutualistic, parasitic, stability, traits, trophic},
year = {2011},
}


@article{keribin2015,
year={2014},
issn={0960-3174},
journal={Statistics and Computing},
doi={10.1007/s11222-014-9472-2},
title={Estimation and selection for the latent block model on categorical data},
url={http://dx.doi.org/10.1007/s11222-014-9472-2},
publisher={Springer US},
keywords={EM algorithm; Variational approximation; Stochastic EM; Bayesian inference; Gibbs sampling; BIC criterion; Integrated completed likelihood},
author={Keribin, Christine and Brault, Vincent and Celeux, Gilles and Govaert, Gérard},
pages={1-16},
language={English}
}




@ARTICLE{biernacki2000,
author={Biernacki, C. and Celeux, G. and Govaert, G.},
journal={Pattern Analysis and Machine Intelligence, IEEE Transactions on},
title={Assessing a mixture model for clustering with the integrated completed likelihood},
year={2000},
month={Jul},
volume={22},
number={7},
pages={719-725},
keywords={Bayes methods;Gaussian distribution;information theory;maximum likelihood estimation;pattern recognition;Bayesian information criterion;Gaussian distribution;clustering;maximum likelihood estimation;mixture model assessment;probability;Bayesian methods;Context modeling;Gaussian distribution;Numerical simulation;Probability distribution;Robustness},
doi={10.1109/34.865189},
ISSN={0162-8828},}


@article{Govaert2008,
 author = {Govaert, G. and Nadif, M.},
 title = {Block Clustering with Bernoulli Mixture Models: Comparison of Different Approaches},
 journal = {Comput. Stat. Data Anal.},
 issue_date = {February, 2008},
 volume = {52},
 number = {6},
 month = feb,
 year = {2008},
 issn = {0167-9473},
 pages = {3233--3245},
 numpages = {13},
 url = {http://dx.doi.org/10.1016/j.csda.2007.09.007},
 doi = {10.1016/j.csda.2007.09.007},
 acmid = {1346470},
 publisher = {Elsevier Science Publishers B. V.},
 address = {Amsterdam, The Netherlands, The Netherlands},
 keywords = {Block mixture model, Co-clustering, EM algorithm, Latent block model, Simultaneous clustering},
}

@article{Govaert2003,
title = "Clustering with block mixture models",
journal = "Pattern Recognition",
volume = "36",
number = "2",
pages = "463 - 473",
year = "2003",
note = "Biometrics",
issn = "0031-3203",
doi = "https://doi.org/10.1016/S0031-3203(02)00074-2",
url = "http://www.sciencedirect.com/science/article/pii/S0031320302000742",
author = "Gérard Govaert and Mohamed Nadif",
keywords = "Clustering, Mixture model, Block mixture model, Latent block model, EM algorithm, Block CEM algorithm"
}



@phdthesis{robertvalerie2017,
  TITLE = {{Coclustering for the analysis of pharmacovigilance large datasets}},
  AUTHOR = {Robert, Val{\'e}rie},
  URL = {https://hal.inria.fr/tel-01695568},
  SCHOOL = {{Universit{\'e} Paris Saclay ; Universit{\'e} Paris Sud - Orsay}},
  YEAR = {2017},
  MONTH = Jun,
  KEYWORDS = {Pharmacovigilance ;  Coclustering ;  Mixture Models ;  Bayesian Algorithms ;  Variational Approximation ;  Model Selection ;  mod{\`e}les de melange ;  classification croisee ;  algorithmes bayesiens ;  approximation variationnelle ;  selection de mod{\`e}les},
  TYPE = {Theses},
  PDF = {https://hal.inria.fr/tel-01695568/file/Dissertation.pdf},
  HAL_ID = {tel-01695568},
  HAL_VERSION = {v1},
}


@article{Pocock_etal_12,
  title={The robustness and restoration of a network of ecological networks},
  author={Pocock, Michael JO and Evans, Darren M and Memmott, Jane},
  journal={Science},
  volume={335},
  number={6071},
  pages={973--977},
  year={2012},
}





@article {fontaine,
author = {Fontaine, Colin and Guimarães, Paulo R. and Kéfi, Sonia and Loeuille, Nicolas and Memmott, Jane and van der Putten, Wim H. and van Veen, Frank J. F. and Thébault, Elisa},
title = {The ecological and evolutionary implications of merging different types of networks},
journal = {Ecology Letters},
volume = {14},
number = {11},
publisher = {Blackwell Publishing Ltd},
issn = {1461-0248},
url = {http://dx.doi.org/10.1111/j.1461-0248.2011.01688.x},
doi = {10.1111/j.1461-0248.2011.01688.x},
pages = {1170--1181},
keywords = {Aboveground–belowground, evolutionary dynamic, facilitation, interaction network, mutualistic, parasitic, stability, traits, trophic},
year = {2011},
}

@article{Pilosof2016,
archivePrefix = {arXiv},
arxivId = {arXiv:1511.04453v2},
author = {Pilosof, Shai and Porter, Mason A and Pascual, Mercedes and K{\'{e}}fi, Sonia},
eprint = {arXiv:1511.04453v2},
file = {:home/donnet/.local/share/data/Mendeley Ltd./Mendeley Desktop/Downloaded/Pilosof et al. - 2016 - The Multilayer Nature of Ecological Networks.pdf:pdf},
journal = {ArXiv},
keywords = {Metacommunities,Multilayer networks,Multilevel networks,Multiplex networks,Network ecology,Network of networks,Temporal networks},
title = {{The Multilayer Nature of Ecological Networks}},
year = {2016}
}


@book{lazega2015,
author = {Lazega, E and Snijders, T A B},
isbn = {9783319245201},
publisher = {Springer International Publishing},
series = {Methodos Series},
title = {{Multilevel Network Analysis for the Social Sciences: Theory, Methods and Applications}},
url = {https://books.google.fr/books?id=5yw3CwAAQBAJ},
year = {2015}
}



@article{keribin2015,
year={2014},
issn={0960-3174},
journal={Statistics and Computing},
doi={10.1007/s11222-014-9472-2},
title={Estimation and selection for the latent block model on categorical data},
url={http://dx.doi.org/10.1007/s11222-014-9472-2},
publisher={Springer US},
keywords={EM algorithm; Variational approximation; Stochastic EM; Bayesian inference; Gibbs sampling; BIC criterion; Integrated completed likelihood},
author={Keribin, Christine and Brault, Vincent and Celeux, Gilles and Govaert, Gérard},
pages={1-16},
language={English}
}





@article {brailly12,
    AUTHOR = {Brailly, Julien and Lazega, Emmanuel},
     TITLE = {Diversit\'e des approches de mod\'elisation statistique en
              analyse de r\'eseaux sociaux multiniveaux},
   JOURNAL = {Math. Sci. Hum. Math. Soc. Sci.},
  FJOURNAL = {Math\'ematiques et Sciences Humaines. Mathematics and Social
              Sciences},
    NUMBER = {198},
      YEAR = {2012},
     PAGES = {5--28},
      ISSN = {0987-6936},
   MRCLASS = {91D30 (05C80 62H17 62H99)},
  MRNUMBER = {2978676},
}






@article{bickel2013,
author = {Bickel, Peter and Choi, David and Chang, Xiangyu and Zhang, Hai},
doi = {10.1214/13-AOS1124},
fjournal = {The Annals of Statistics},
journal = {Ann. Statist.},
month = {08},
number = {4},
pages = {1922--1943},
publisher = {The Institute of Mathematical Statistics},
title = {Asymptotic normality of maximum likelihood and its variational approximation for stochastic blockmodels},
url = {http://dx.doi.org/10.1214/13-AOS1124},
volume = {41},
year = {2013}
}






@book {breiman84,
    AUTHOR = {Breiman, Leo and Friedman, Jerome H. and Olshen, Richard A.
              and Stone, Charles J.},
     TITLE = {Classification and regression trees},
    SERIES = {Wadsworth Statistics/Probability Series},
 PUBLISHER = {Wadsworth Advanced Books and Software},
   ADDRESS = {Belmont, CA},
      YEAR = {1984},
     PAGES = {x+358},
      ISBN = {0-534-98053-8; 0-534-98054-6},
   MRCLASS = {62H30 (62-02)},
  MRNUMBER = {726392 (86b:62101)},
MRREVIEWER = {Luc P. Devroye},
}






@article {celisse:daudin:laurent:2012,
    AUTHOR = {Celisse, Alain and Daudin, Jean-Jacques and Pierre, Laurent},
     TITLE = {Consistency of maximum-likelihood and variational estimators
              in the stochastic block model},
   JOURNAL = {Electron. J. Stat.},
  FJOURNAL = {Electronic Journal of Statistics},
    VOLUME = {6},
      YEAR = {2012},
     PAGES = {1847--1899},
      ISSN = {1935-7524},
   MRCLASS = {62G05 (05C80 62-09 62E17 62G20 62H30)},
  MRNUMBER = {2988467},
       DOI = {10.1214/12-EJS729},
       URL = {http://dx.doi.org/10.1214/12-EJS729}
}


@article{come:hal-00800180,
  TITLE = {{Model selection and clustering in stochastic block models with the exact integrated complete data likelihood}},
  AUTHOR = {C{\^o}me, Etienne and Latouche, Pierre},
   YEAR = {2014},
   journal={{P}reprint  arXiv:1303.2962v2 }
}



@PHDTHESIS{braul2014,
url = "http://www.theses.fr/2014PA112238",
title = "Estimation et sélection de modèle pour le modèle des blocs latents",
author = "Brault, Vincent",
year = "2014",
school = {University Paris-Sud, France},
note = "Thèse de doctorat dirigée par Celeux, Gilles Mathématiques Paris 11 2014",
url = "http://www.theses.fr/2014PA112238/document",
}


@ARTICLE{dai12,
   author = {Dai, B. and {Ding}, S. and {Wahba}, G.},
    title = {Multivariate Bernoulli Distribution},
  journal = {{P}reprint arXiv:1206.1874 },
     year = 2012,
}

@article{Daudinetal2008,
 author = {Daudin, J. -J. and Picard, F. and Robin, S.},
 title = {A mixture model for random graphs},
 journal = {Statistics and Computing},
 volume = {18},
 number = {2},
 month = jun,
 year = {2008},
 pages = {173--183},
 numpages = {11},
 publisher = {Kluwer Academic Publishers},
 address = {Hingham, MA, USA}
 }


@ARTICLE{dempster77,
  author = {Dempster, A.P. and Laird, N.M. and Rubin, D.B.},
  title = {Maximum likelihood from incomplete data via the {EM} algorithm},
  journal = {Jr. R. Stat. Soc. B},
  year = {1977},
  volume = {39},
  pages = {1--38},
  mrclass = {62F10},
  mrnumber = {58 \#18858},
  mrreviewer = {Rolf Sundberg},
  supersnill = {met_est}
}

@article{erdosrenyi1959,
    author = {Erd\H{o}s, P. and R\'{e}nyi, A.},
    journal = {Publicationes Mathematicae (Debrecen)},
    pages = {290--297},
    title = {On random graphs, I},
    volume = {6},
    year = {1959}
}






@article{Kurant2006,
title = {Layered Complex Networks},
journal = {Phys. Rev. Lett.},
volume = {96},
number = {2},
pages = {138701},
year = {2006},
author = {Kurant, M. and Thiran, P.}
}

@incollection{baudry2009,
year={2008},
isbn={978-3-7908-2083-6},
booktitle={COMPSTAT 2008},
editor={Brito, Paula},
doi={10.1007/978-3-7908-2084-3_28},
title={Selecting Models Focussing on the Modeller’s Purpose},
url={http://dx.doi.org/10.1007/978-3-7908-2084-3_28},
publisher={Physica-Verlag HD},
keywords={mixture model; BIC; entropy; slope heuristic},
author={Baudry, Jean-Patrick and Celeux, Gilles and Marin, Jean-Michel},
pages={337-348},
language={English}
}




@article{Daudin2008,
author = {Daudin, J J and Picard, F and Robin, S},
doi = {10.1007/s11222-007-9046-7},
issn = {09603174},
journal = {Statistics and Computing},
keywords = {Mixture models,Random graphs,Variational method},
number = {2},
pages = {173--183},
title = {{A mixture model for random graphs}},
volume = {18},
year = {2008}
}


@article{Lazega2008,
title = {Catching up with big fish in the big pond? Multi-level network analysis through linked design},
journal = {Social Networks},
volume = {30},
number = {2},
pages = {159 - 176},
year = {2008},
author = {Emmanuel Lazega and Marie-Thérèse Jourda and Lise Mounier and Rafaël Stofer},
}

@article{mariadassou2010,
ajournal = {Ann. Appl. Stat.},
author = {Mariadassou, Mahendra and Robin, St\'ephane and Vacher, Corinne},
doi = {10.1214/10-AOAS361},
journal = {The Annals of Applied Statistics},
month = {06},
number = {2},
pages = {715--742},
publisher = {The Institute of Mathematical Statistics},
title = {Uncovering latent structure in valued graphs: A variational approach},
url = {http://dx.doi.org/10.1214/10-AOAS361},
volume = {4},
year = {2010}
}


@article{mariadassou2015,
author = "Mariadassou, Mahendra and Matias, Catherine",
doi = "10.3150/13-BEJ579",
fjournal = "Bernoulli",
journal = "Bernoulli",
month = "02",
number = "1",
pages = "537--573",
publisher = "Bernoulli Society for Mathematical Statistics and Probability",
title = "Convergence of the groups posterior distribution in latent or stochastic block models",
url = "http://dx.doi.org/10.3150/13-BEJ579",
volume = "21",
year = "2015"
}


%@article{Mucha2010,
title = { Community structure in time-dependent, multiscale, and multiplex networks},
journal = {Science},
volume = {328},
pages = {876 - 878},
year = {2010},
author = {Mucha, P. J.and Richardson, T. and Macon, K and Porter, M. A. and Onnela, J.-P}
}


@article{nowickiSnijders2001,
  author = {Nowicki, K. and Snijders, T. A. B.},
  issn = {0162-1459},
  journal = {Journal of the American Statistical Association},
  onth = {September},
  number = 455,
  pages = {1077--1087},
  title = {Estimation and Prediction for Stochastic Blockstructures},
  volume = 96,
  year = 2001
}

@article {Snijdersnowicki1997,
    AUTHOR = {Snijders, Tom A. B. and Nowicki, Krzysztof},
     TITLE = {Estimation and prediction for stochastic blockmodels for
              graphs with latent block structure},
   JOURNAL = {J. Classification},
  FJOURNAL = {Journal of Classification},
    VOLUME = {14},
      YEAR = {1997},
    NUMBER = {1},
     PAGES = {75--100},
      ISSN = {0176-4268},
   MRCLASS = {62H30},
  MRNUMBER = {1449742 (98c:62118)},
       DOI = {10.1007/s003579900004},
       URL = {http://dx.doi.org/10.1007/s003579900004},
}



@article{Szell2010,
  author = {Szell, M. and  Lambiotte, R. and Thurner, S.},
  journal = {JProc. Natl. Acad. Sci. U.S.A},
  pages = {113636--13641},
  title = {Multi-relational Organization of Large-scale Social Networks in an Online World},
  volume =  107,
  year = 2010
}

@article{snijders2003multilevel,
  title={A multilevel network study of the effects of delinquent behavior on friendship evolution},
  author={Snijders, Tom AB and Baerveldt, Chris},
  journal={Journal of mathematical sociology},
  volume={27},
  number={2-3},
  pages={123--151},
  year={2003},
  publisher={Taylor \& Francis}
}

@article{bickelchen2009,
  title={A nonparametric view of network models and {N}ewman-{G}irvan and other modularities},
  author={Bickel, P. and Chen, A.},
  journal={Proc. Natl. Acad. Sci. U.S.A},
  volume={106},
  number={50},
  pages={21068--21073},
  year={2009},
}



@article {ambroisematias2012,
    AUTHOR = {Ambroise, Christophe and Matias, Catherine},
     TITLE = {New consistent and asymptotically normal parameter estimates
              for random-graph mixture models},
   JOURNAL = {J. R. Stat. Soc. Ser. B. Stat. Methodol.},
  FJOURNAL = {Journal of the Royal Statistical Society. Series B.
              Statistical Methodology},
    VOLUME = {74},
      YEAR = {2012},
    NUMBER = {1},
     PAGES = {3--35},
      ISSN = {1369-7412},
   MRCLASS = {62F10 (05C80 05C82 62F12 62G05 62H30)},
  MRNUMBER = {2885838},
MRREVIEWER = {Erhard A. J. Godehardt},
       DOI = {10.1111/j.1467-9868.2011.01009.x},
       URL = {http://dx.doi.org/10.1111/j.1467-9868.2011.01009.x},
}



@ARTICLE{biernacki2000,
author={Biernacki, C. and Celeux, G. and Govaert, G.},
journal={Pattern Analysis and Machine Intelligence, IEEE Transactions on},
title={Assessing a mixture model for clustering with the integrated completed likelihood},
year={2000},
month={Jul},
volume={22},
number={7},
pages={719-725},
keywords={Bayes methods;Gaussian distribution;information theory;maximum likelihood estimation;pattern recognition;Bayesian information criterion;Gaussian distribution;clustering;maximum likelihood estimation;mixture model assessment;probability;Bayesian methods;Context modeling;Gaussian distribution;Numerical simulation;Probability distribution;Robustness},
doi={10.1109/34.865189},
ISSN={0162-8828},}

@book{McLachlan1988,
  title={Mixture models : inference and applications to clustering},
  author={McLachlan, Geoffrey, J. and Basford, Kaye, E.  },
   year={1988},
  publisher={New York, United States: Marcel Dekker}
}




@article{breiger1974duality,
  title={The duality of persons and groups},
  author={Breiger, Ronald L},
  journal={Social forces},
  volume={53},
  number={2},
  pages={181--190},
  year={1974},
  publisher={Oxford University Press}
}

@article{fararo1984tripartite,
  title={Tripartite structural analysis: Generalizing the Breiger-Wilson formalism},
  author={Fararo, Thomas J and Doreian, Patrick},
  journal={Social Networks},
  volume={6},
  number={2},
  pages={141--175},
  year={1984},
  publisher={Elsevier}
}
@book{selznick1949tva,
  title={TVA and the grass roots: A study in the sociology of formal organization},
  author={Selznick, Philip},
  volume={3},
  year={1949},
  publisher={Univ of California Press}
}

@article{brailly2012diversite,
  title={Diversit{\'e} des approches de mod{\'e}lisation statistique en analyse de r{\'e}seaux sociaux multiniveaux},
  author={Brailly, Julien and Lazega, Emmanuel},
  journal={Math{\'e}matiques et sciences humaines. Mathematics and social sciences},
  number={198},
  pages={5--32},
  year={2012},
  publisher={Centre d’analyse et de math{\'e}matique sociales de l’EHESS}
}
@article{lazega2013network,
  title={Network lift from dual alters: extended opportunity structures from a multilevel and structural perspective},
  author={Lazega, Emmanuel and Jourda, Marie-Th{\'e}r{\`e}se and Mounier, Lise},
  journal={European sociological review},
  volume={29},
  number={6},
  pages={1226--1238},
  year={2013},
  publisher={Oxford Univ Press}
}
@article{wang2013exponential,
  title={Exponential random graph models for multilevel networks},
  author={Wang, Peng and Robins, Garry and Pattison, Philippa and Lazega, Emmanuel},
  journal={Social Networks},
  volume={35},
  number={1},
  pages={96--115},
  year={2013},
  publisher={Elsevier}
}
@article{lazega2007poissons,
  title={Des poissons et des mares: l'analyse de r{\'e}seaux multi-niveaux},
  author={Lazega, Emmanuel and Jourda, Marie-Th{\'e}r{\`e}se and Mounier, Lise},
  journal={Revue fran{\c{c}}aise de sociologie},
  volume={48},
  number={1},
  pages={93--131},
  year={2007},
  publisher={Presses de Sciences Po}
}

@book{presthus1962organizational,
  title={The organizational society: An analysis and a theory.},
  author={Presthus, Robert},
  year={1962},
  publisher={Vintage Books/Random House}
}
@book{coleman1982asymmetric,
  title={The asymmetric society},
  author={Coleman, James Samuel},
  year={1982},
  publisher={Syracuse University Press}
}

@article{perrow1991society,
  title={A society of organizations},
  author={Perrow, Charles},
  journal={Theory and society},
  volume={20},
  number={6},
  pages={725--762},
  year={1991},
  publisher={Springer}
}

@article{baker1992network,
  title={The network organization in theory and practice},
  author={Baker, Wayne E},
  journal={Networks and organizations: Structure, form, and action},
  volume={396},
  pages={429},
  year={1992},
  publisher={Harvard Business School Press Boston, MA}
}
@book{tilly1998durable,
  title={Durable inequality},
  author={Tilly, Charles},
  year={1998},
  publisher={Univ of California Press}
}
@article{lazega2012analyses,
  title={Analyses de r{\'e}seaux et classes sociales},
  author={Lazega, Emmanuel},
  journal={Revue fran{\c{c}}aise de socio-\'economie},
  VOLUME={2},
  pages={273--279},
  year={2012},
  publisher={La d{\'e}couverte}
}
@article{berends2011contacts,
  title={Contacts and contracts: Cross-level network dynamics in the development of an aircraft material},
  author={Berends, Hans and Van Burg, Elco and Van Raaij, Erik M},
  journal={Organization Science},
  volume={22},
  number={4},
  pages={940--960},
  year={2011},
  publisher={INFORMS}
}


@INPROCEEDINGS{jaakkola00,
    author = {Tommi S. Jaakkola},
    title = {Tutorial on Variational Approximation Methods},
    booktitle = {In Advanced Mean Field Methods: Theory and Practice},
    year = {2000},
    pages = {129--159},
    publisher = {MIT Press}
}



@incollection{xu2013,
year={2013},
isbn={978-3-642-37209-4},
booktitle={Social Computing, Behavioral-Cultural Modeling and Prediction},
volume={7812},
series={Lecture Notes in Computer Science},
editor={Greenberg, ArielM. and Kennedy, WilliamG. and Bos, NathanD.},
doi={10.1007/978-3-642-37210-0_22},
title={Dynamic Stochastic Blockmodels: Statistical Models for Time-Evolving Networks},
url={http://dx.doi.org/10.1007/978-3-642-37210-0_22},
publisher={Springer Berlin Heidelberg},
keywords={dynamic network; stochastic blockmodel; state-space model},
author={Xu, KevinS. and Hero, AlfredO., III},
pages={201-210}
}



@ARTICLE{leger2014,
   author = {{Leger}, J.-B.},
    title = {Wmixnet: Software for Clustering the Nodes of Binary and Valued Graphs using the Stochastic Block Model},
  journal = {{P}reprint arXiv:1402.3410},
     year = 2014,
}


@ARTICLE{wyse:2014,
   author = {{Wyse}, J. and {Friel}, N. and {Latouche}, P.},
    title = {{Inferring structure in bipartite networks using the latent block model and exact ICL}},
  journal = {{P}reprint arXiv:1404.2911},
     year = 2014,
}




@article{nicosia2013growing,
  title={Growing multiplex networks},
  author={Nicosia, Vincenzo and Bianconi, Ginestra and Latora, Vito and Barthelemy, Marc},
  journal={Physical review letters},
  volume={111},
  number={5},
  pages={058701},
  year={2013},
  publisher={APS}
}

@article{saumell2012epidemic,
  title={Epidemic spreading on interconnected networks},
  author={Saumell-Mendiola, Anna and Serrano, M {\'A}ngeles and Bogu{\~n}{\'a}, Mari{\'a}n},
  journal={Physical Review E},
  volume={86},
  number={2},
  pages={026106},
  year={2012},
  publisher={APS}
}
@article{PhysRevE.87.062806,
  title = {Statistical mechanics of multiplex networks: Entropy and overlap},
  author = {Bianconi, Ginestra},
  journal = {Phys. Rev. E},
  volume = {87},
  issue = {6},
  pages = {062806},
  numpages = {15},
  year = {2013},
  month = {Jun},
  publisher = {American Physical Society},
  doi = {10.1103/PhysRevE.87.062806},
  url = {http://link.aps.org/doi/10.1103/PhysRevE.87.062806}
}


@article{brummitt2012suppressing,
  title={Suppressing cascades of load in interdependent networks},
  author={Brummitt, Charles D and D'Souza, Raissa M and Leicht, EA},
  journal={Proceedings of the National Academy of Sciences},
  volume={109},
  number={12},
  pages={E680--E689},
  year={2012},
  publisher={National Acad Sciences}
}


@article{maggioni2013multiplexity,
  title={Multiplexity, growth mechanisms and structural variety in scientific collaboration networks},
  author={Maggioni, Mario A and Breschi, Stefano and Panzarasa, Pietro},
  journal={Industry and Innovation},
  volume={20},
  number={3},
  pages={185--194},
  year={2013},
  publisher={Taylor \& Francis}
}

@article{mucha2010community,
  title={Community structure in time-dependent, multiscale, and multiplex networks},
  author={Mucha, Peter J and Richardson, Thomas and Macon, Kevin and Porter, Mason A and Onnela, Jukka-Pekka},
  journal={Science},
  volume={328},
  number={5980},
  pages={876--878},
  year={2010},
  publisher={American Association for the Advancement of Science}
}


@book{wasserman1994social,
  title={Social network analysis: Methods and applications},
  author={Wasserman, Stanley},
  volume={8},
  year={1994},
  publisher={Cambridge university press}
}
@article{szell2010multirelational,
  title={Multirelational organization of large-scale social networks in an online world},
  author={Szell, Michael and Lambiotte, Renaud and Thurner, Stefan},
  journal={Proceedings of the National Academy of Sciences},
  volume={107},
  number={31},
  pages={13636--13641},
  year={2010},
  publisher={National Acad Sciences}
}

@article{rank2010structural,
  title={Structural logic of intraorganizational networks},
  author={Rank, Olaf N and Robins, Garry L and Pattison, Philippa E},
  journal={Organization Science},
  volume={21},
  number={3},
  pages={745--764},
  year={2010},
  publisher={INFORMS}
}


@ARTICLE{2014arXiv1406.2205L,
   author = {{Loe}, C.~W. and {Jeldtoft Jensen}, @article{matias:hal-00948421,
  TITLE = {{Modeling heterogeneity in random graphs through latent space models: a selective review}},
  AUTHOR = {Matias, Catherine and Robin, St{\'e}phane},
    YEAR = {2014},
journal={{P}reprint arXiv:1402.4296v2},
}
H.},
    title = "{Comparison of Communities Detection Algorithms for Multiplex}",
  journal = {{P}reprint arXiv:1406.2205},
     year = 2014,
}

@article{PhysRevE.86.036115,
  title = {Stability of Boolean multilevel networks},
  author = {Cozzo, Emanuele and Arenas, Alex and Moreno, Yamir},
  journal = {Phys. Rev. E},
  volume = {86},
  issue = {3},
  pages = {036115},
  numpages = {4},
  year = {2012},
  month = {Sep},
  publisher = {American Physical Society},
  doi = {10.1103/PhysRevE.86.036115},
  url = {http://link.aps.org/doi/10.1103/PhysRevE.86.036115}
}
@article{gazal2012accuracy,
  title={Accuracy of variational estimates for random graph mixture models},
  author={Gazal, Steven and Daudin, Jean-Jacques and Robin, St{\'e}phane},
  journal={Journal of Statistical Computation and Simulation},
  volume={82},
  number={6},
  pages={849--862},
  year={2012},
  publisher={Taylor \& Francis}
}


@article{matias:hal-00948421,
  TITLE = {{Modeling heterogeneity in random graphs through latent space models: a selective review}},
  AUTHOR = {Matias, Catherine and Robin, St{\'e}phane},
    YEAR = {2014},
journal={{P}reprint arXiv:1402.4296v2},
}


@article{hubert1985,
year={1985},
issn={0176-4268},
journal={Journal of Classification},
volume={2},
number={1},
doi={10.1007/BF01908075},
title={Comparing partitions},
url={http://dx.doi.org/10.1007/BF01908075},
publisher={Springer-Verlag},
keywords={Measures of agreement; Measures of association; Consensus indices},
author={Hubert, Lawrence and Arabie, Phipps},
pages={193-218},
language={English}
}

@inproceedings{Gasko:2017,
 author = {Gask\'{o}, No{\'e}mi and Bota, Florentin and Suciu, Mihai and Lung, Rodica Ioana},
 title = {Community Structure Detection in Multipartite Networks: A New Fitness Measure},
 booktitle = {Proceedings of the Genetic and Evolutionary Computation Conference},
 series = {GECCO '17},
 year = {2017},
 isbn = {978-1-4503-4920-8},
 location = {Berlin, Germany},
 pages = {259--265},
 numpages = {7},
 url = {http://doi.acm.org/10.1145/3071178.3071295},
 doi = {10.1145/3071178.3071295},
 acmid = {3071295},
 publisher = {ACM},
 address = {New York, NY, USA},
 keywords = {community structure, fitness function, multipartite networks},
} 



@article{goldenberg2010survey,
  title={A survey of statistical network models},
  author={Goldenberg, Anna and Zheng, Alice X and Fienberg, Stephen E and Airoldi, Edoardo M},
  journal={Foundations and Trends{\textregistered} in Machine Learning},
  volume={2},
  number={2},
  pages={129--233},
  year={2010},
  publisher={Now Publishers Inc.}
}

@article{holland1983stochastic,
  title={Stochastic blockmodels: First steps},
  author={Holland, Paul W and Laskey, Kathryn Blackmond and Leinhardt, Samuel},
  journal={Social networks},
  volume={5},
  number={2},
  pages={109--137},
  year={1983},
  publisher={Elsevier}
}




@article{matiasmiele2017,
author = {Matias, Catherine and Miele, Vincent},
title = {Statistical clustering of temporal networks through a dynamic stochastic block model},
journal = {Journal of the Royal Statistical Society: Series B (Statistical Methodology)},
volume = {79},
number = {4},
year = {2017}, 
pages = {1119-1141},
keywords = {Contact network, Dynamic random graph, Graph clustering, Stochastic block model, Variational expectation–maximization},
doi = {10.1111/rssb.12200},
url = {https://rss.onlinelibrary.wiley.com/doi/abs/10.1111/rssb.12200},
eprint = {https://rss.onlinelibrary.wiley.com/doi/pdf/10.1111/rssb.12200},
}


@article{matias2014modeling,
  title={Modeling heterogeneity in random graphs through latent space models: a selective review},
  author={Matias, Catherine and Robin, St{\'e}phane},
  journal={ESAIM: Proceedings and Surveys},
  volume={47},
  pages={55--74},
  year={2014},
  publisher={EDP Sciences}
}

@article{komlos1996szemeredi,
  title={Szemer{\'e}di's regularity lemma and its applications in graph theory},
  author={Koml{\'o}s, J{\'a}nos and Simonovits, Mikl{\'o}s},
  year={1996},
  publisher={Citeseer}
}

@article{kunszenti2014multigraph,
  title={Multigraph limits, unbounded kernels, and Banach space decorated graphs},
  author={Kunszenti-Kov{\'a}cs, D{\'a}vid and Lov{\'a}sz, L{\'a}szl{\'o} and Szegedy, Bal{\'a}zs},
  journal={Preprint arXiv:1406.7846},
  year={2014}
}

@article{loreau2003meta,
  title={Meta-ecosystems: a theoretical framework for a spatial ecosystem ecology},
  author={Loreau, Michel and Mouquet, Nicolas and Holt, Robert D},
  journal={Ecology Letters},
  volume={6},
  number={8},
  pages={673--679},
  year={2003},
  publisher={Wiley Online Library}
}

@book{schowalter2016insect,
  title={Insect ecology: an ecosystem approach},
  author={Schowalter, Timothy D},
  year={2016},
  publisher={Academic Press}
}
@article{ulanowicz2014limits,
  title={Limits on ecosystem trophic complexity: insights from ecological network analysis},
  author={Ulanowicz, Robert E and Holt, Robert D and Barfield, Michael},
  journal={Ecology letters},
  volume={17},
  number={2},
  pages={127--136},
  year={2014},
  publisher={Wiley Online Library}
}

@inproceedings{yang2012community,
  title={Community-affiliation graph model for overlapping network community detection},
  author={Yang, Jaewon and Leskovec, Jure},
  booktitle={Data Mining (ICDM), 2012 IEEE 12th International Conference on},
  pages={1170--1175},
  year={2012},
  organization={IEEE}
}


@article{thomasExchanges,
  title={Effects of farmer social status and plant biocultural value on seed circulation networks in Vanuatu},
  author={Thomas, Mathieu and Caillon, Sophie},
  journal={Ecology and Society},
  volume={21},
  number={2},
  year={2016},
  publisher={JSTOR}
}

@incollection{thomasInventory,
  title={A network-based method to detect patterns of local crop biodiversity: validation at the species and infra-species levels},
  author={Thomas, Mathieu and Verzelen, Nicolas and Barbillon, Pierre and Coomes, Oliver T and Caillon, Sophie and McKey, Doyle and Elias, Marianne and Garine, Eric and Raimond, Christine and Dounias, Edmond and others},
  booktitle={Advances in Ecological Research},
  volume={53},
  pages={259--320},
  year={2015},
  publisher={Elsevier}
}

@article{barbillon2017stochastic,
  title={Stochastic block models for multiplex networks: an application to a multilevel network of researchers},
  author={Barbillon, Pierre and Donnet, Sophie and Lazega, Emmanuel and Bar-Hen, Avner},
  journal={Journal of the Royal Statistical Society: Series A (Statistics in Society)},
  volume={180},
  number={1},
  pages={295--314},
  year={2017},
  publisher={Wiley Online Library}
}
@article{bartolucci2018dealing,
  title={Dealing with reciprocity in dynamic stochastic block models},
  author={Bartolucci, Francesco and Marino, Maria Francesca and Pandolfi, Silvia},
  journal={Computational Statistics \& Data Analysis},
  volume={123},
  pages={86--100},
  year={2018},
  publisher={Elsevier}
}

@article{CHABERTLIDDELL2021107179,
title = {A stochastic block model approach for the analysis of multilevel networks: An application to the sociology of organizations},
journal = {Computational Statistics \& Data Analysis},
volume = {158},
pages = {107179},
year = {2021},
issn = {0167-9473},
doi = {https://doi.org/10.1016/j.csda.2021.107179},
url = {https://www.sciencedirect.com/science/article/pii/S016794732100013X},
author = {Saint-Clair Chabert-Liddell and Pierre Barbillon and Sophie Donnet and Emmanuel Lazega},
keywords = {Latent variable model, Hierarchical modeling, Social network, Variational inference},
}

@article{ChabertEnvir22,
  author={Saint‐Clair Chabert‐Liddell and Pierre Barbillon and Sophie Donnet},
  title={{Impact of the mesoscale structure of a bipartite ecological interaction network on its robustness through a probabilistic modeling}},
  journal={Environmetrics},
  year=2022,
  volume={33},
  number={2},
  pages={},
  month={March},
  keywords={},
  doi={10.1002/env.2709},
  url={https://ideas.repec.org/a/wly/envmet/v33y2022i2ne2709.html}
}

@article{bar2018block,
  title={Block models for multipartite networks. Applications in ecology and ethnobiology},
  author={Bar-Hen, Avner and Barbillon, Pierre and Donnet, Sophie},
  journal={arXiv preprint arXiv:1807.10138},
  year={2018}
}
@book{bianconi2018multilayer,
  title={Multilayer Networks: Structure and Function},
  author={Bianconi, Ginestra},
  year={2018},
  publisher={Oxford University Press}
}
@article{biernacki2000assessing,
  title={Assessing a mixture model for clustering with the integrated completed likelihood},
  author={Biernacki, Christophe and Celeux, Gilles and Govaert, G{\'e}rard},
  journal={IEEE transactions on pattern analysis and machine intelligence},
  volume={22},
  number={7},
  pages={719--725},
  year={2000},
  publisher={IEEE}
}
@article{bickel2013asymptotic,
  title={Asymptotic normality of maximum likelihood and its variational approximation for stochastic blockmodels},
  author={Bickel, Peter and Choi, David and Chang, Xiangyu and Zhang, Hai and others},
  journal={The Annals of Statistics},
  volume={41},
  number={4},
  pages={1922--1943},
  year={2013},
  publisher={Institute of Mathematical Statistics}
}
@article{blei2017variational,
  title={Variational inference: A review for statisticians},
  author={Blei, David M and Kucukelbir, Alp and McAuliffe, Jon D},
  journal={Journal of the American Statistical Association},
  volume={112},
  number={518},
  pages={859--877},
  year={2017},
  publisher={Taylor \& Francis}
}
@article{brailly2016dynamics,
  title={Dynamics of networks in trade fairs—A multilevel relational approach to the cooperation among competitors},
  author={Brailly, Julien},
  journal={Journal of Economic Geography},
  volume={16},
  number={6},
  pages={1279--1301},
  year={2016},
  publisher={Oxford University Press}
}
@article{brailly2016embeddedness,
  title={Embeddedness as a multilevel problem: A case study in economic sociology},
  author={Brailly, Julien and Favre, Guillaume and Chatellet, Josiane and Lazega, Emmanuel},
  journal={Social Networks},
  volume={44},
  pages={319--333},
  year={2016},
  publisher={Elsevier}
}
@article{brailly2017neo,
  title={Neo-structural economic sociology beyond embeddedness},
  author={Brailly, Julien and Comet, Catherine and Delarre, Sébastien and Eloire, Fabien and Favre, Guillaume and Lazega, Emmanuel and Mounier, Lise and Montes-Lihn, Jaime and Oubenal, Mohamed and Penalva-Icher, Elise and Piña-Stranger, Alvaro},
  journal={economic sociology\_the european electronic newsletter},
  volume={19},
  number={3},
  pages={36--49},
  year={2017}
}
@phdthesis{brault2014estimation,
  title={Estimation et s{\'e}lection de mod{\`e}le pour le mod{\`e}le des blocs latents},
  author={Brault, Vincent},
  year={2014},
  school={Universit{\'e} Paris Sud-Paris XI}
}


@article{nowickiSnijders2001,
  author = {Nowicki, K. and Snijders, T. A. B.},
  issn = {0162-1459}, 
  journal = {Journal of the American Statistical Association},
  onth = {September},
  number = 455,
  pages = {1077--1087},
  title = {Estimation and Prediction for Stochastic Blockstructures},
  volume = 96,
  year = 2001
}
@article{thompson2003impacts,
author = {Thompson, R. M. and Townsend, C. R.},
title = {IMPACTS ON STREAM FOOD WEBS OF NATIVE AND EXOTIC FOREST: AN INTERCONTINENTAL COMPARISON},
journal = {Ecology},
volume = {84},
number = {1},
pages = {145-161},
keywords = {biogeography, exotic vs. native forests, food web, invasions, Maine (USA), New Zealand, North Carolina (USA), streams},
doi = {https://doi.org/10.1890/0012-9658(2003)084[0145:IOSFWO]2.0.CO;2},
url = {https://esajournals.onlinelibrary.wiley.com/doi/abs/10.1890/0012-9658%282003%29084%5B0145%3AIOSFWO%5D2.0.CO%3B2},
year = {2003}
}


@article{kefi,
    author = {Kéfi, Sonia AND Miele, Vincent AND Wieters, Evie A. AND Navarrete, Sergio A. AND Berlow, Eric L.},
    journal = {PLOS Biology},
    publisher = {Public Library of Science},
    title = {How Structured Is the Entangled Bank? The Surprisingly Simple Organization of Multiplex Ecological Networks Leads to Increased Persistence and Resilience},
    year = {2016},
    month = {08},
    volume = {14},
    OPTurl = {http://dx.doi.org/10.1371%2Fjournal.pbio.1002527},
    pages = {1-21},
    abstract = {An ecological network synthesizing all known interactions between species exhibits a clear pattern of organization that reflects evolutionary and ecological constraints operating in this entangled bank of species.},
    number = {8},
    OPTdoi = {10.1371/journal.pbio.1002527}
}


@article{celisse2012consistency,
  title={Consistency of maximum-likelihood and variational estimators in the stochastic block model},
  author={Celisse, Alain and Daudin, Jean-Jacques and Pierre, Laurent},
  journal={Electronic Journal of Statistics},
  volume={6},
  pages={1847--1899},
  year={2012},
  publisher={The Institute of Mathematical Statistics and the Bernoulli Society}
}
@article{chen2018network,
  title={Network cross-validation for determining the number of communities in network data},
  author={Chen, Kehui and Lei, Jing},
  journal={Journal of the American Statistical Association},
  volume={113},
  number={521},
  pages={241--251},
  year={2018},
  publisher={Taylor \& Francis}
}
@article{choi2012stochastic,
  title={Stochastic blockmodels with a growing number of classes},
  author={{Choi}, David S. and Wolfe, Patrick J. and Airoldi, Edoardo M.},
  journal={Biometrika},
  volume={99},
  number={2},
  pages={273--284},
  year={2012}
  }

@article{Govaert2008,
 author = {Govaert, G. and Nadif, M.},
 title = {Block Clustering with Bernoulli Mixture Models: Comparison of Different Approaches},
 journal = {Computational. Statistics and Data Analysis},
 issue_date = {February, 2008},
 volume = {52},
 number = {6},
 month = feb,
 year = {2008},
 issn = {0167-9473},
 pages = {3233--3245},
 numpages = {13},
 OPTurl = {http://dx.doi.org/10.1016/j.csda.2007.09.007},
 OPTdoi = {10.1016/j.csda.2007.09.007},
 acmid = {1346470},
 publisher = {Elsevier Science Publishers B. V.},
 address = {Amsterdam, The Netherlands, The Netherlands},
 keywords = {Block mixture model, Co-clustering, EM algorithm, Latent block model, Simultaneous clustering},
}

@article{pilosof,
  TITLE = {{The multilayer nature of ecological networks}},
  AUTHOR = {Pilosof, Shai and Porter, Mason and Pascual, Mercedes and K{\'e}fi, Sonia},
  URL = {https://hal.umontpellier.fr/hal-01938723},
  JOURNAL = {{Nature Ecology \& Evolution}},
  PUBLISHER = {{Nature}},
  VOLUME = {1},
  NUMBER = {4},
  YEAR = {2017},
  MONTH = Mar,
  DOI = {10.1038/s41559-017-0101},
}

@article{FREEMAN1978215,
title = "Centrality in social networks conceptual clarification",
journal = "Social Networks",
volume = "1",
number = "3",
pages = "215 - 239",
year = "1978",
issn = "0378-8733",
doi = "https://doi.org/10.1016/0378-8733(78)90021-7",
url = "http://www.sciencedirect.com/science/article/pii/0378873378900217",
author = "Linton C. Freeman",
abstract = "The intuitive background for measures of structural centrality in social networks is reviewed and existing measures are evaluated in terms of their consistency with intuitions and their interpretability. Three distinct intuitive conceptions of centrality are uncovered and existing measures are refined to embody these conceptions. Three measures are developed for each concept, one absolute and one relative measure of the centrality of positions in a network, and one reflecting the degree of centralization of the entire network. The implications of these measures for the experimental study of small groups is examined."
}

@article{Rodriguez2006,
author = {Rodríguez-Gironés, Miguel and Santamaría, Luis},
year = {2006},
month = {03},
pages = {924 - 935},
title = {Rodríguez-Gironés MA, Santamaría L.. A new algorithm to calculate the nestedness temperature of presence-absence matrices. J Biogeogr 33: 924-935},
volume = {33},
journal = {Journal of Biogeography},
doi = {10.1111/j.1365-2699.2006.01444.x}
}

@article{clauset2008hierarchical,
  title={Hierarchical structure and the prediction of missing links in networks},
  author={Clauset, Aaron and Moore, Cristopher and Newman, Mark EJ},
  journal={Nature},
  volume={453},
  number={7191},
  pages={98},
  year={2008},
  publisher={Nature Publishing Group}
}
@article{come2015model,
  title={Model selection and clustering in stochastic block models based on the exact integrated complete data likelihood},
  author={C{\^o}me, Etienne and Latouche, Pierre},
  journal={Statistical Modelling},
  volume={15},
  number={6},
  pages={564--589},
  year={2015},
  publisher={SAGE Publications Sage India: New Delhi, India}
}
@article{dabbs2016comparison,
  title={Comparison of cross-validation methods for stochastic block models},
  author={Dabbs, Beau and Junker, Brian},
  journal={arXiv preprint arXiv:1605.03000},
  year={2016}
}
@article{daudin2008mixture,
  title={A mixture model for random graphs},
  author={Daudin, Jean-Jacques and Picard, Franck and Robin, St{\'e}phane},
  journal={Statistics and computing},
  volume={18},
  number={2},
  pages={173--183},
  year={2008},
  publisher={Springer}
}
@article{de2017community,
  title={Community detection, link prediction, and layer interdependence in multilayer networks},
  author={De Bacco, Caterina and Power, Eleanor A and Larremore, Daniel B and Moore, Cristopher},
  journal={Physical Review E},
  volume={95},
  number={4},
  pages={042317},
  year={2017},
  publisher={APS}
}
@article{decelle2011asymptotic,
  title={Asymptotic analysis of the stochastic block model for modular networks and its algorithmic applications},
  author={Decelle, Aurelien and Krzakala, Florent and Moore, Cristopher and Zdeborov{\'a}, Lenka},
  journal={Physical Review E},
  volume={84},
  number={6},
  pages={066106},
  year={2011},
  publisher={APS}
}
@article{dempster1977maximum,
  title={Maximum likelihood from incomplete data via the EM algorithm},
  author={Dempster, Arthur P and Laird, Nan M and Rubin, Donald B},
  journal={Journal of the Royal Statistical Society: Series B (Methodological)},
  volume={39},
  number={1},
  pages={1--22},
  year={1977},
  publisher={Wiley Online Library}
}
@article{guimera2009missing,
  title={Missing and spurious interactions and the reconstruction of complex networks},
  author={Guimer{\`a}, Roger and Sales-Pardo, Marta},
  journal={Proceedings of the National Academy of Sciences},
  volume={106},
  number={52},
  pages={22073--22078},
  year={2009},
  publisher={National Acad Sciences}
}
@article{hayashi2016tractable,
  title={A tractable fully bayesian method for the stochastic block model},
  author={Hayashi, Kohei and Konishi, Takuya and Kawamoto, Tatsuro},
  journal={arXiv preprint arXiv:1602.02256},
  year={2016}
}
@article{hileman2018network,
  title={The network structure of multilevel water resources governance in Central America},
  author={Hileman, Jacob and Lubell, Mark},
  journal={Ecology and Society},
  volume={23},
  number={2},
  year={2018},
  publisher={The Resilience Alliance}
}
@article{holland1983stochastic,
  title={Stochastic blockmodels: First steps},
  author={Holland, Paul W and Laskey, Kathryn Blackmond and Leinhardt, Samuel},
  journal={Social networks},
  volume={5},
  number={2},
  pages={109--137},
  year={1983},
  publisher={Elsevier}
}
@article{hubert1985comparing,
  title={Comparing partitions},
  author={Hubert, Lawrence and Arabie, Phipps},
  journal={Journal of classification},
  volume={2},
  number={1},
  pages={193--218},
  year={1985},
  publisher={Springer}
}



@article{Pocock2012,
author = {Michael J. O. Pocock  and Darren M. Evans  and Jane Memmott },
title = {The Robustness and Restoration of a Network of Ecological Networks},
journal = {Science},
volume = {335},
number = {6071},
pages = {973-977},
year = {2012},
doi = {10.1126/science.1214915},
URL = {https://www.science.org/doi/abs/10.1126/science.1214915},
eprint = {https://www.science.org/doi/pdf/10.1126/science.1214915}
}



@article{taboui2020,
author = {Timothée Tabouy and Pierre Barbillon and Julien Chiquet},
title = {Variational Inference for Stochastic Block Models From Sampled Data},
journal = {Journal of the American Statistical Association},
volume = {115},
number = {529},
pages = {455-466},
year  = {2020},
publisher = {Taylor & Francis},
doi = {10.1080/01621459.2018.1562934},

URL = { 
        https://doi.org/10.1080/01621459.2018.1562934
    
},
eprint = { 
        https://doi.org/10.1080/01621459.2018.1562934
    
}

}


@article{jordan1999introduction,
  title={An introduction to variational methods for graphical models},
  author={Jordan, Michael I and Ghahramani, Zoubin and Jaakkola, Tommi S and Saul, Lawrence K},
  journal={Machine learning},
  volume={37},
  number={2},
  pages={183--233},
  year={1999},
  publisher={Springer}
}
@article{kawamoto2017cross,
  title={Cross-validation estimate of the number of clusters in a network},
  author={Kawamoto, Tatsuro and Kabashima, Yoshiyuki},
  journal={Scientific reports},
  volume={7},
  number={1},
  pages={3327},
  year={2017},
  publisher={Nature Publishing Group}
}
@article{kivela2014multilayer,
  title={Multilayer networks},
  author={Kivel{\"a}, Mikko and Arenas, Alex and Barthelemy, Marc and Gleeson, James P and Moreno, Yamir and Porter, Mason A},
  journal={Journal of complex networks},
  volume={2},
  number={3},
  pages={203--271},
  year={2014},
  publisher={Oxford University Press}
}
@book{lazega2015multilevel,
  title={Multilevel network analysis for the social sciences: Theory, methods and applications},
  author={Lazega, Emmanuel and Snijders, Tom AB},
  volume={12},
  year={2015},
  publisher={Springer}
}
@article{leger2016blockmodels,
  title={Blockmodels: A R-package for estimating in Latent Block Model and Stochastic Block Model, with various probability functions, with or without covariates},
  author={Leger, Jean-Benoist},
  journal={arXiv preprint arXiv:1602.07587},
  year={2016}
}
@article{li2016network,
  title={Network cross-validation by edge sampling},
  author={Li, Tianxi and Levina, Elizaveta and Zhu, Ji},
  journal={arXiv preprint arXiv:1612.04717},
  year={2016}
}

@article{mariadassou2015convergence,
  title={Convergence of the groups posterior distribution in latent or stochastic block models},
  author={Mariadassou, Mahendra and Matias, Catherine},
  journal={Bernoulli},
  volume={21},
  number={1},
  pages={537--573},
  year={2015},
  publisher={Bernoulli Society for Mathematical Statistics and Probability}
}
@article{mariadassou2010uncovering,
  title={Uncovering latent structure in valued graphs: a variational approach},
  author={Mariadassou, Mahendra and Robin, St{\'e}phane and Vacher, Corinne},
  journal={The Annals of Applied Statistics},
  volume={4},
  number={2},
  pages={715--742},
  year={2010},
  publisher={Institute of Mathematical Statistics}
}
@article{snijders1997estimation,
  title={Estimation and prediction for stochastic blockmodels for graphs with latent block structure},
  author={Snijders, Tom AB and Nowicki, Krzysztof},
  journal={Journal of classification},
  volume={14},
  number={1},
  pages={75--100},
  year={1997},
  publisher={Springer}
}
@article{snijders2001statistical,
  title={The statistical evaluation of social network dynamics},
  author={Snijders, Tom AB},
  journal={Sociological methodology},
  volume={31},
  number={1},
  pages={361--395},
  year={2001},
  publisher={Wiley Online Library}
}
@article{peixoto2017bayesian,
  title={Bayesian stochastic blockmodeling},
  author={Peixoto, Tiago P},
  journal={arXiv preprint arXiv:1705.10225},
  year={2017}
}
@article{stanley2016clustering,
  title={Clustering network layers with the strata multilayer stochastic block model},
  author={Stanley, Natalie and Shai, Saray and Taylor, Dane and Mucha, Peter J},
  journal={IEEE transactions on network science and engineering},
  volume={3},
  number={2},
  pages={95--105},
  year={2016},
  publisher={IEEE}
}
@article{valles2018consistencies,
  title={Consistencies and inconsistencies between model selection and link prediction in networks},
  author={Vall{\`e}s-Catal{\`a}, Toni and Peixoto, Tiago P and Sales-Pardo, Marta and Guimer{\`a}, Roger},
  journal={Physical Review E},
  volume={97},
  number={6},
  pages={062316},
  year={2018},
  publisher={APS}
}
@article{wang2013exponential,
  title={Exponential random graph models for multilevel networks},
  author={Wang, Peng and Robins, Garry and Pattison, Philippa and Lazega, Emmanuel},
  journal={Social Networks},
  volume={35},
  number={1},
  pages={96--115},
  year={2013},
  publisher={Elsevier}
}
@article{vziberna2014blockmodeling,
  title={Blockmodeling of multilevel networks},
  author={{\v{Z}}iberna, Ale{\v{s}}},
  journal={Social networks},
  volume={39},
  pages={46--61},
  year={2014},
  publisher={Elsevier}
}

@article{matias2017statistical,
  title={Statistical clustering of temporal networks through a dynamic stochastic block model},
  author={Matias, Catherine and Miele, Vincent},
  journal={Journal of the Royal Statistical Society: Series B (Statistical Methodology)},
  volume={79},
  number={4},
  pages={1119--1141},
  year={2017},
  publisher={Wiley Online Library}
}
@inproceedings{yan2016bayesian,
  title={Bayesian model selection of stochastic block models},
  author={Yan, Xiaoran},
  booktitle={Proceedings of the 2016 IEEE/ACM International Conference on Advances in Social Networks Analysis and Mining},
  pages={323--328},
  year={2016},
  organization={IEEE Press}
}


@article{latouche2012variational,
  title={Variational Bayesian inference and complexity control for stochastic block models},
  author={Latouche, Pierre and Birmele, Etienne and Ambroise, Christophe},
  journal={Statistical Modelling},
  volume={12},
  number={1},
  pages={93--115},
  year={2012},
  publisher={Sage Publications Sage India: New Delhi, India}
}
@article{zijlstra2006multilevel,
  title={The multilevel p2 model},
  author={Zijlstra, Bonne JH and Van Duijn, Marijtje AJ and Snijders, Tom AB},
  journal={Methodology},
  volume={2},
  number={1},
  pages={42--47},
  year={2006},
  publisher={Hogrefe \& Huber Publishers}
}
@article{sweet2014hierarchical,
  title={Hierarchical mixed membership stochastic blockmodels for multiple networks and experimental interventions},
  author={Sweet, Tracy M and Thomas, Andrew C and Junker, Brian W},
  journal={Handbook on mixed membership models and their applications},
  pages={463--488},
  year={2014},
  publisher={Chapman \& Hall/CRC Boca Raton, FL}
}
@article{airoldi2008mixed,
  title={Mixed membership stochastic blockmodels},
  author={Airoldi, Edoardo M and Blei, David M and Fienberg, Stephen E and Xing, Eric P},
  journal={Journal of machine learning research},
  volume={9},
  number={Sep},
  pages={1981--2014},
  year={2008}
}
@article{sweet2013hierarchical,
  title={Hierarchical network models for education research: Hierarchical latent space models},
  author={Sweet, Tracy M and Thomas, Andrew C and Junker, Brian W},
  journal={Journal of Educational and Behavioral Statistics},
  volume={38},
  number={3},
  pages={295--318},
  year={2013},
  publisher={SAGE Publications Sage CA: Los Angeles, CA}
}
@article{lazega2008catching,
  title={Catching up with big fish in the big pond? Multi-level network analysis through linked design},
  author={Lazega, Emmanuel and Jourda, Marie-Th{\'e}r{\`e}se and Mounier, Lise and Stofer, Rafa{\"e}l},
  journal={Social Networks},
  volume={30},
  number={2},
  pages={159--176},
  year={2008},
  publisher={Elsevier}
}

@incollection{favre2016inter,
  title={Inter-organizational network influence on long-term and short-term inter-individual relationships: The case of a trade fair for TV programs distribution in sub-Saharan Africa},
  author={Favre, Guillaume and Brailly, Julien and Chatellet, Josiane and Lazega, Emmanuel},
  booktitle={Multilevel network analysis for the social sciences},
  pages={295--314},
  year={2016},
  publisher={Springer}
}
@article{lazega2002interdependent,
  title={Interdependent entrepreneurs and the social discipline of their cooperation: a research programme for structural economic sociology in a society of organizations},
  author={Lazega, Emmanuel and Mounier, Lise},
  journal={Conventions and structures in economic organization: markets, networks, and hierarchies, Cheltenham, Edward Elgar Publishing},
  year={2002}
}
@article{lazega2016effects,
  title={Effects of competition on collective learning in advice networks},
  author={Lazega, Emmanuel and Bar-Hen, Avner and Barbillon, Pierre and Donnet, Sophie},
  journal={Social Networks},
  volume={47},
  pages={1--14},
  year={2016},
  publisher={Elsevier}
}
@article{lazega2009theory,
  title={Theory of cooperation among competitors: A neo-structural approach},
  author={Lazega, Emmanuel},
  journal={Sociologica},
  volume={1},
  pages={1--34},
  year={2009}
}
@article{snijders2017stochastic,
  title={Stochastic actor-oriented models for network dynamics},
  author={Snijders, Tom AB},
  year={2017},
  publisher={Annual Reviews}
}
@article{lazegaforthcoming,
  title={Bureaucracy, collegiality and social change: Redefining organization with multilevel relational infrastructures},
  author={Lazega, Emmanuel},
  year={2019+},
  note = {Forthcoming paper},
  publisher={Edward Elgar Publishing}
 }
 @article{karrer2011stochastic,
  title={Stochastic blockmodels and community structure in networks},
  author={Karrer, Brian and Newman, Mark EJ},
  journal={Physical review E},
  volume={83},
  number={1},
  pages={016107},
  year={2011},
  publisher={APS}
}
@inbook{inbook,
author = {Lazega, Emmanuel},
year = {2017},
month = {03},
pages = {211-237},
title = {Networks and Commons: Bureaucracy, Collegiality and Organizational Morphogenesis in the Struggles to Shape Collective Responsibility in New Sharing Institutions},
isbn = {978-3-319-49468-5},
doi = {10.1007/978-3-319-49469-2_10}
}
@article{tabouy2019variational,
  title={Variational Inference for Stochastic Block Models from Sampled Data},
  author={Tabouy, Timoth{\'e}e and Barbillon, Pierre and Chiquet, Julien},
  journal={Journal of the American Statistical Association},
  pages={1--23},
  year={2019},
  publisher={Taylor \& Francis}
}
@article{rubin1976inference,
  title={Inference and missing data},
  author={Rubin, Donald B},
  journal={Biometrika},
  volume={63},
  number={3},
  pages={581--592},
  year={1976},
  publisher={Oxford University Press}
}
 
@book{kolaczykstatistical,
 author = {Kolaczyk, Eric D.},
 title = {Statistical Analysis of Network Data: Methods and Models},
 year = {2009},
 isbn = {038788145X, 9780387881454},
 edition = {1st},
 publisher = {Springer Publishing Company, Incorporated},
} 

@article{pic09,
title={Deciphering the connectivity structure of biological networks using MixNet},
author={Picard, Franck and Miele, Vincent and Daudin, Jean-Jacques and Cottret, Ludovic and Robin, St{\'e}phane},
journal={BMC Bioinformatics},
volume={10},
number={6},
pages={S17},
year={2009}
}
 








